@BOOK{KEL:,
  AUTHOR    = "Falc'hun, Francois",
  TITLE     = {\bf },
  EDITION   = "1st",
  PUBLISHER = {},
  ADDRESS   = {},
  YEAR      = ,
  NOTE      = {{\sl ISBN }} }


