@BOOK{IDG:MEID,
  AUTHOR    = "Meid, Wolfgang",
  TITLE     = {{\bf Archeologie und Sprachwissenschaft}},
  EDITION   = "",
  PUBLISHER = {Institut f"ur Sprachwissenschaft der Universit"at Innsbruck},
  ADDRESS   = {Innsbruck},
  YEAR      = {1989},
  NOTE      = {{\sl ISBN 3-85 124-599-7}}
}

@BOOK{ON:ZINSLI,
  AUTHOR    = {Zinsli, Paul},
  TITLE     = {{\bf Ortsnamen}},
  EDITION   = "",
  PUBLISHER = {Verlag Huber},
  ADDRESS   = {Frauenfeld},
  YEAR      = {1971},
}

@BOOK{WTH:KLAEUI,
  AUTHOR    = {Kl"aui, Hans},
  TITLE     = {{\bf Wappen, Orte, Namen, Geschlechter}},
  EDITION   = "",
  PUBLISHER = {Verein der Freunde der Paul Kl"aui-Bibliothek},
  ADDRESS   = {Uster},
  YEAR      = {1981},
}

@BOOK{IDG:KRAHE,
  AUTHOR    = "Krahe, Hans",
  TITLE     = {{\bf Unsere "altesten Flussnamen}},
  EDITION   = "",
  PUBLISHER = {Huber \& Co},
  ADDRESS   = {G"ottingen},
  YEAR      = {1964},
}

@BOOK{KELT:HOPFNER,
  AUTHOR    = "Hopfner, Isidor",
  TITLE     = {{\bf Keltische Ortsnamen der Schweiz}},
  EDITION   = "",
  PUBLISHER = {Geographischer Kartenverlag},
  ADDRESS   = {Bern},
  YEAR      = {1929},
}


@BOOK{ORT:KLAEUI,
  AUTHOR    = {Kl"aui, Hans},
  TITLE     = {{\bf Z"urcher Ortsnamen}},
  EDITION   = "",
  PUBLISHER = {Z"urcher Kantonalbank},
  ADDRESS   = {Z"urich},
  YEAR      = {1981},
}
  
@BOOK{VOX:12,
  AUTHOR    = "",
  TITLE     = {{\bf Vox Romanica}},
  EDITION   = "12",
  PUBLISHER = {A.Francke AG. Verlag},
  ADDRESS   = {Bern},
  YEAR      = {1951-52},
}

@ARTICLE{VOX:3,
  AUTHOR    = "Hubschmied, J.U.",
  TITLE     = {{\bf Zeugen f"ur das sp"ate Aussterben des Gallischen}},
  JOURNAL   = {Vox Romanica 3},
  VOLUME    = {},
  YEAR      = {1938},
  PAGES     = {49-155}
}

@ARTICLE{VOX:10,
  AUTHOR    = "Pokorny, J.",
  TITLE     = {{\bf Zur keltischen Namenskunde und Etymologie}},
  JOURNAL   = {Vox Romanica 10},
  VOLUME    = {},
  YEAR      = {1948-49},
  PAGES     = {220-267}
}
