@BOOK{Buttlar:ASW,
  AUTHOR    = "Buttlar, Johannes von",
  TITLE     = {\bf Auf den Spuren der Weltformel},
  EDITION   = "1st",
  PUBLISHER = {Heyne Verlag},
  ADDRESS   = {M"unchen},
  YEAR      = 1995,
  NOTE      = {{\sl ISBN 3-453-08142-0}} }

@BOOK{Castleden:MOS,
  AUTHOR    = "Castleden, Rodney",
  TITLE     = {\bf The making of Stonehenge},
  EDITION   = "1st",
  PUBLISHER = {Routledge},
  ADDRESS   = {London},
  YEAR      = 1993,
  NOTE      = {{\sl ISBN 0-415-08513-6}} }

@BOOK{Daeniken:SGA,
  AUTHOR    = {D"aniken, Erich von},
  TITLE     = {\bf Die Steinzeit war ganz anders.},
  PUBLISHER = {Goldmann Verlag},
  ADDRESS   = {Berlin},
  YEAR      = 1993,
  NOTE      = {{\sl ISBN 3-442-12438-7}} }

@BOOK{Hawkins:MMC,
  AUTHOR    = "Hawkins, Gerald S.",
  TITLE     = {\bf Merlin, M"archen und Computer, Das R"atsel von Stonehenge
               gel"ost ?},
  PUBLISHER = {Verlag Clemens Zerling},
  ADDRESS   = {Berlin},
  YEAR      = 1983,
  NOTE      = {{\sl ISBN 3-884-68010-2}} }

@BOOK{Jones:MAS,
  AUTHOR    = "Jones, Inigo",
  TITLE     = {\bf The Most notable antiquity of Great Britain vulgary called
               Stonehenge.},
  SERIES    = "Faksimile von 1655 von Parry, Graham",
  PUBLISHER = {The Scolar Press Limited},
  ADDRESS   = {London},
  YEAR      = 1973,
  NOTE      = {{\sl ISBN 0-854-17826-2}} }

@MANUAL{Encarta:MSC,
  AUTHOR       = "Encarta 95, Microsoft",
  TITLE        = {\bf The Complete Interactive Multimedia Encyclopedia (CD-ROM)},
  ORGANISATION = {Microsoft Corperation},
  ADDRESS      = {Redmond (USA)},
  YEAR         = 1994 }

@BOOK{Reden:DMK,
  AUTHOR    = "Reden, Sibylle von",
  TITLE     = {\bf Die Megalith-Kulturen, Zeugen einer verschollenen Urreligion},
  EDITION   = "6th",
  PUBLISHER = {DuMont Buchverlag},
  ADDRESS   = {K"oln},
  YEAR      = 1989,
  NOTE      = {{\sl ISBN 3-770-11055-2}} }

@BOOK{Thom:MSB,
  AUTHOR    = "Thom, A.",
  TITLE     = {\bf Megalithic Sites in Britain.},
  PUBLISHER = {Oxford Press},
  ADDRESS   = {London},
  YEAR      = 1976,
  NOTE      = {{\sl ISBN 0-198-13148-8}} }

@BOOK{Tolstoy:ASM,
  AUTHOR    = "Tolstoy, Nicolai",
  TITLE     = {\bf Auf der Suche nach Merlin, Mythos und geschichtliche Wahrheit},
  EDITION   = "2nd",
  PUBLISHER = {Heyne Verlag},
  ADDRESS   = {M"unchen},
  YEAR      = 1992,
  NOTE      = {{\sl ISBN 3-454-03392-2}} }

@BOOK{Wernik:SZK,
  AUTHOR    = "Wernik, Robert",
  TITLE     = {\bf Steinerne Zeugen fr"uher Kulturen (TIME-LIVE B"ucher)},
  SERIES    = "5th edition (in Deutsch)",
  PUBLISHER = {Time-Live Books Inc.},
  ADDRESS   = {Nederlande B.V.},
  YEAR      = 1981,
  NOTE      = {{\sl ISBN 3-454-03392-2}} }

